% Encoding: GBK

@BOOK{Ahuja1993NetworkBook,
  title = {Network Flows: Theory, Algorithms, and Applications},
  publisher = {Prentice Hall, Englewood Cliffs, NJ},
  year = {1993},
  author = {Ahuja, Ravindra K and Magnanti, Thomas L and Orlin, James B},
  owner = {Lindong Liu},
  timestamp = {2013.08.26}
}

@ARTICLE{Aydinliyim2010,
  author = {Aydinliyim, Tolga and Vairaktarakis, George L},
  title = {Coordination of outsourced operations to minimize weighted flow time
	and capacity booking costs},
  journal = {Manufacturing Service Oper. Management},
  year = {2010},
  volume = {12},
  pages = {236--255},
  number = {2},
  owner = {Lindong Liu},
  publisher = {INFORMS},
  timestamp = {2014.01.22}
}

@INCOLLECTION{Bachrach2009Cost,
  author = {Bachrach, Yoram and Elkind, Edith and Meir, Reshef and Pasechnik,
	Dmitrii and Zuckerman, Michael and Rothe, J{\"o}rg and Rosenschein,
	Jeffrey S},
  title = {The cost of stability in coalitional games},
  booktitle = {Mavronicolas, M., Papadopoulou, V.G.(eds.) SAGT 2009. LNCS, vol.
	5814, pp. 122--134. Springer, Heidelberg},
  year = {2009},
  owner = {Lindong Liu},
  timestamp = {2014.01.14}
}

@ARTICLE{Barnhart1998CGB2,
  author = {Barnhart, Cynthia and Johnson, Ellis L and Nemhauser, George L and
	Savelsbergh, Martin WP and Vance, Pamela H},
  title = {Branch-and-price: Column generation for solving huge integer programs},
  journal = {Oper. Res.},
  year = {1998},
  volume = {46},
  pages = {316--329},
  number = {3},
  owner = {Lindong Liu},
  publisher = {INFORMS},
  timestamp = {2013.08.21}
}

@MISC{Benchmark,
  author = {Beresnev, Vladimir and Kochetov, Yuri and Pashchenko, Mihail and
	Kononov, Alexander and Goncharov, Eugeni and Plyasunov, Alexander
	and Kochetova, Nina and Alekseeva, Ekaterina and Dmitry, Ivanenko},
  title = {Benchmark},
  howpublished = {\url{http://www.math.nsc.ru/AP/benchmarks/english.html}},
  year = {2006},
  owner = {Lindong Liu},
  timestamp = {2013.08.26}
}

@ARTICLE{Blaser2008MetricTSPGamesCore,
  author = {Bl{\"a}ser, Markus and Ram, L Shankar},
  title = {Approximately fair cost allocation in metric traveling salesman games},
  journal = {Theory Comput. Syst.},
  year = {2008},
  volume = {43},
  pages = {19--37},
  number = {1},
  owner = {Lindong Liu},
  publisher = {Springer},
  timestamp = {2013.08.22}
}

@ARTICLE{Borm2001ORGamesSurvey,
  author = {Borm, Peter and Hamers, Herbert and Hendrickx, Ruud},
  title = {Operations research games: A survey},
  journal = {Top},
  year = {2001},
  volume = {9},
  pages = {139--199},
  number = {2},
  owner = {Lindong Liu},
  publisher = {Springer},
  timestamp = {2013.08.21}
}

@ARTICLE{Cai2012,
  author = {Cai, Xiaoqiang and Vairaktarakis, George L},
  title = {Coordination of outsourced operations at a third-party facility subject
	to booking, overtime, and tardiness costs},
  journal = {Oper. Res.},
  year = {2012},
  volume = {60},
  pages = {1436--1450},
  number = {6},
  owner = {Lindong Liu},
  publisher = {INFORMS},
  timestamp = {2014.01.22}
}

@ARTICLE{Caprara2010LPB,
  author = {Caprara, Alberto and Letchford, Adam N},
  title = {New techniques for cost sharing in combinatorial optimization games},
  journal = {Math. Programming},
  year = {2010},
  volume = {124},
  pages = {93--118},
  number = {1-2},
  owner = {Lindong Liu},
  publisher = {Springer},
  timestamp = {2013.08.21}
}

@ARTICLE{Chen2009,
  author = {Chen, Xin},
  title = {Inventory centralization games with price-dependent demand and quantity
	discount},
  journal = {Oper. Res.},
  year = {2009},
  volume = {57},
  pages = {1394--1406},
  number = {6},
  owner = {Lindong Liu},
  publisher = {INFORMS},
  timestamp = {2013.10.22}
}

@ARTICLE{Chen2009b,
  author = {Chen, Xin and Zhang, Jiawei},
  title = {A stochastic programming duality approach to inventory centralization
	games},
  journal = {Oper. Res.},
  year = {2009},
  volume = {57},
  pages = {840--851},
  number = {4},
  owner = {Lindong Liu},
  publisher = {INFORMS},
  timestamp = {2013.10.22}
}

@ARTICLE{dantzig1955generalized,
  author = {Dantzig, George B and Orden, Alex and Wolfe, Philip and others},
  title = {The generalized simplex method for minimizing a linear form under
	linear inequality restraints},
  journal = {Pac. J. Math.},
  year = {1955},
  volume = {5},
  pages = {183--195},
  number = {2},
  owner = {Lindong Liu},
  timestamp = {2014.09.21}
}

@ARTICLE{Deng1999PackingAndCoveringGames,
  author = {Deng, Xiaotie and Ibaraki, Toshihide and Nagamochi, Hiroshi},
  title = {Algorithmic aspects of the core of combinatorial optimization games},
  journal = {Math. Oper. Res.},
  year = {1999},
  volume = {24},
  pages = {751--766},
  number = {3},
  owner = {Lindong Liu},
  publisher = {INFORMS},
  timestamp = {2013.08.22}
}

@ARTICLE{Devanur2005,
  author = {Devanur, Nikhil R and Mihail, Milena and Vazirani, Vijay V},
  title = {Strategyproof cost-sharing mechanisms for set cover and facility
	location games},
  journal = {Decis. Support Syst.},
  year = {2005},
  volume = {39},
  pages = {11--22},
  number = {1},
  owner = {Lindong Liu},
  publisher = {Elsevier},
  timestamp = {2013.09.29}
}

@ARTICLE{edmonds1970submodular,
  author = {Edmonds, Jack},
  title = {Submodular functions, matroids, and certain polyhedra},
  journal = {In Combinatorial Structures and Their Applications (Calgary International
	Conference on Combinatorial Structures and Their Applications)},
  year = {1970},
  pages = {69--87},
  publisher = {Springer}
}

@ARTICLE{Engevall2004,
  author = {Engevall, Stefan and G{\"o}the-Lundgren, Maud and V{\"a}rbrand, Peter},
  title = {The heterogeneous vehicle-routing game},
  journal = {Transportation Sci.},
  year = {2004},
  volume = {38},
  pages = {71--85},
  number = {1},
  owner = {Lindong Liu},
  publisher = {INFORMS},
  timestamp = {2013.10.23}
}

@INCOLLECTION{Escoffier2011,
  author = {Bruno Escoffier and Laurent Gourv��s and Thang Nguyen Kim and Fanny
	Pascual and Olivier Spanjaard},
  title = {Strategy-proof mechanisms for facility location games with many facilities},
  booktitle = {Proc. 2nd Intl. Conference on Algorithmic Decision Theory (ADT-11),
	Piscataway, NJ, 67--81},
  year = {2011},
  owner = {Lindong Liu},
  timestamp = {2014.01.13}
}

@ARTICLE{Faigle1993,
  author = {Faigle, Ulrich and Kern, Walter},
  title = {On some approximately balanced combinatorial cooperative games},
  journal = {Zeitschrift f{\"u}r Oper. Res.},
  year = {1993},
  volume = {38},
  pages = {141--152},
  number = {2},
  owner = {Lindong Liu},
  publisher = {Springer},
  timestamp = {2013.12.20}
}

@ARTICLE{Faigle1998EuclideanTSPGamesCore,
  author = {Faigle, Ulrich and Fekete, S{\'a}ndor P and Hochst{\"a}ttler, Winfried
	and Kern, Walter},
  title = {On approximately fair cost allocation in {E}uclidean {TSP} games},
  journal = {OR Spectrum},
  year = {1998},
  volume = {20},
  pages = {29--37},
  number = {1},
  owner = {Lindong Liu},
  publisher = {Springer},
  timestamp = {2013.08.22}
}

@ARTICLE{faigle2000note,
  author = {Faigle, Ulrich and Kern, Walter and Paulusma, Dani{\"e}l},
  title = {Note on the computational complexity of least core concepts for min-cost
	spanning tree games},
  journal = {Math. Methods Oper. Res.},
  year = {2000},
  volume = {52},
  pages = {23--38},
  number = {1},
  publisher = {Springer}
}

@INCOLLECTION{Fotakis2012Winner,
  author = {Fotakis, Dimitris and Tzamos, Christos},
  title = {Winner-Imposing Strategyproof Mechanisms for Multiple Facility Location
	Games},
  booktitle = {Internet and Network Economics},
  year = {2010},
  editor = {Saberi, Amin},
  series = {Lecture Notes in Computer Science, 6494, 234--245},
  isbn = {978-3-642-17571-8},
  owner = {Lindong Liu},
  timestamp = {2014.01.13}
}

@ARTICLE{Geoffrion,
  author = {A.M. Geoffrion},
  title = {Lagrangian relaxation and its uses in integer programming},
  journal = {Math. Programming Stud.},
  year = {1974},
  volume = {2},
  pages = {82-114},
  owner = {Lindong Liu},
  timestamp = {2015.10.23}
}

@ARTICLE{Goemans2000FacilityLocationGames,
  author = {Michel X. Goemans and Martin Skutella},
  title = {Cooperative Facility Location Games},
  journal = {J. Algorithms},
  year = {2000},
  volume = {50},
  pages = {76--85},
  number = {2},
  owner = {Lindong Liu},
  page = {194--214},
  timestamp = {2013.08.21}
}

@ARTICLE{Gothe1996VehicleRoutingGames,
  author = {G{\"o}the-Lundgren, Maud and J{\"o}rnsten, Kurt and V{\"a}rbrand,
	Peter},
  title = {On the nucleolus of the basic vehicle routing game},
  journal = {Math. Programming},
  year = {1996},
  volume = {72},
  pages = {83--100},
  number = {1},
  owner = {Lindong Liu},
  publisher = {Springer},
  timestamp = {2013.08.22}
}

@ARTICLE{Granot1981MinimumSpanningTreeGames,
  author = {Granot, Daniel and Huberman, Gur},
  title = {Minimum cost spanning tree games},
  journal = {Math. Programming},
  year = {1981},
  volume = {21},
  pages = {1--18},
  number = {1},
  owner = {Lindong Liu},
  publisher = {Springer},
  timestamp = {2013.08.22}
}

@ARTICLE{Hartman2000,
  author = {Hartman, Bruce C and Dror, Moshe and Shaked, Moshe},
  title = {Cores of inventory centralization games},
  journal = {Games Econom. Behav.},
  year = {2000},
  volume = {31},
  pages = {26--49},
  number = {1},
  owner = {Lindong Liu},
  publisher = {Elsevier},
  timestamp = {2013.10.22}
}

@ARTICLE{He2012,
  author = {He, Simai and Zhang, Jiawei and Zhang, Shuzhong},
  title = {Polymatroid Optimization, Submodularity, and Joint Replenishment
	Games},
  journal = {Oper. Res.},
  year = {2012},
  volume = {60},
  pages = {128--137},
  number = {1},
  owner = {Lindong Liu},
  publisher = {INFORMS},
  timestamp = {2014.01.22}
}

@ARTICLE{Iwata2008submodular,
  author = {Iwata, Satoru},
  title = {Submodular function minimization},
  journal = {Math. Programming},
  year = {2008},
  volume = {112},
  pages = {45--64},
  number = {1},
  owner = {Lindong Liu},
  publisher = {Springer},
  timestamp = {2014.01.21}
}

@ARTICLE{Jain2002PDT,
  author = {Jain, Kamal and Vazirani, Vijay V},
  title = {Equitable cost allocations via primal-dual-type algorithms},
  journal = {SIAM J. Comput.},
  year = {2008},
  volume = {38},
  pages = {241--256},
  number = {1},
  owner = {Lindong Liu},
  publisher = {SIAM},
  timestamp = {2014.01.13}
}

@BOOK{Jain2007CostSharing,
  title = {Cost sharing},
  publisher = {Nisan N, Roughgarden T, Tardos E, Vazirani V, eds. Algorithmic Game
	Theory (Cambridge University Press, New York), 385--410.},
  year = {2007},
  author = {Jain, Kamal and Mahdian, Mohammad},
  pages = {385--410},
  journal = {Algorithmic game theory},
  owner = {Lindong Liu},
  timestamp = {2014.01.13}
}

@ARTICLE{Kern2003,
  author = {Kern, Walter and Paulusma, Dani{\"e}l},
  title = {Matching games: The least core and the nucleolus},
  journal = {Math. Oper. Res.},
  year = {2003},
  volume = {28},
  pages = {294--308},
  number = {2},
  owner = {Lindong Liu},
  publisher = {INFORMS},
  timestamp = {2013.10.22}
}

@ARTICLE{Kolen1983FacilityLocationGame,
  author = {Kolen, Antoon},
  title = {Solving covering problems and the uncapacitated plant location problem
	on trees},
  journal = {Eur. J. Oper. Res.},
  year = {1983},
  volume = {12},
  pages = {266--278},
  number = {3},
  owner = {Lindong Liu},
  publisher = {Elsevier},
  timestamp = {2013.08.23}
}

@ARTICLE{Li2012UFLPConcave,
  author = {Li, Gaidi and Li, Yu and Shu, Jia and Xu, Dachuan},
  title = {A cross-monotonic cost-sharing scheme for the concave facility location
	game},
  journal = {J. Global Optim.},
  year = {2013},
  volume = {56},
  pages = {1325-1334},
  number = {4},
  issn = {0925-5001},
  keywords = {Concave facility location game; Approximation cost recovery; Cross-monotonic;
	Competitive},
  language = {English},
  publisher = {Springer US}
}

@ARTICLE{Liu2009,
  author = {Liu, Zhixin},
  title = {Complexity of core allocation for the bin packing game},
  journal = {Oper. Res. Lett.},
  year = {2009},
  volume = {37},
  pages = {225--229},
  number = {4},
  owner = {Lindong Liu},
  publisher = {Elsevier},
  timestamp = {2014.01.22}
}

@ARTICLE{liuleastcorevalue2015,
  author = {Liu, Lindong and Qi, Xiangtong},
  title = {To Stabilize Cooperative Games by Simultaneously Subsidizing and
	Penalizing.},
  year = {2015},
  pages = {Working paper}
}

@PhdThesis{liulindongthesis,
  author = {Liu, Lindong},
  title =  {To stabilize grand coalitions in unbalanced cooperative games},
  school = {The Hong Kong University of Science and Technology},
  year =   {2015}
}

@ARTICLE{Mallozzi2011,
  author = {Mallozzi, Lina},
  title = {Cooperative games in facility location situations with regional fixed
	costs},
  journal = {Optim. Lett.},
  year = {2011},
  volume = {5},
  pages = {173--181},
  number = {1},
  owner = {Lindong Liu},
  publisher = {Springer},
  timestamp = {2013.09.29}
}

@ARTICLE{Martinez2013,
  author = {Mart{\'\i}nez-de-Alb{\'e}niz, F Javier and Rafels, Carles and Ybern,
	Neus},
  title = {A procedure to compute the nucleolus of the assignment game},
  journal = {Oper. Res. Lett.},
  year = {2013},
  volume = {41},
  pages = {675--678},
  number = {6},
  owner = {Lindong Liu},
  publisher = {Elsevier},
  timestamp = {2013.10.23}
}

@ARTICLE{maschler1979geometric,
  author = {Maschler, Michael and Peleg, Bezalel and Shapley, Lloyd S},
  title = {Geometric properties of the kernel, nucleolus, and related solution
	concepts},
  journal = {Mathematics of Operations Research},
  year = {1979},
  volume = {4},
  pages = {303--338},
  number = {4},
  publisher = {INFORMS}
}

@ARTICLE{mehrotra1992implementation,
  author = {Mehrotra, Sanjay},
  title = {On the implementation of a primal-dual interior point method},
  journal = {SIAM J. Optim.},
  year = {1992},
  volume = {2},
  pages = {575--601},
  number = {4},
  owner = {Lindong Liu},
  publisher = {SIAM},
  timestamp = {2014.09.21}
}

@INPROCEEDINGS{Meir2011subsidies,
  author = {Meir, Reshef and Rosenschein, Jeffrey S. and Malizia, Enrico},
  title = {Subsidies, Stability, and Restricted Cooperation in Coalitional Games},
  booktitle = {Proceedings of the Twenty-Second International Joint Conference on
	Artificial Intelligence - Volume, 1, 301--306},
  year = {2011},
  series = {IJCAI'11},
  publisher = {AAAI Press},
  acmid = {2283447},
  isbn = {978-1-57735-513-7},
  location = {Barcelona, Catalonia, Spain},
  numpages = {6}
}

@ARTICLE{Moulin2001,
  author = {Moulin, Herv{\'e} and Shenker, Scott},
  title = {Strategyproof sharing of submodular costs: Budget balance versus
	efficiency},
  journal = {Econ. Theory},
  year = {2001},
  volume = {18},
  pages = {511--533},
  number = {3},
  publisher = {Springer}
}

@ARTICLE{Owen1975LinearProductionGames,
  author = {Owen, Guillermo},
  title = {On the core of linear production games},
  journal = {Math. Programming},
  year = {1975},
  volume = {9},
  pages = {358--370},
  number = {1},
  owner = {Lindong Liu},
  publisher = {Springer},
  timestamp = {2013.08.23}
}

@INPROCEEDINGS{Pal2003PDA,
  author = {P{\'a}l, Martin and Tardos, {\'E}va},
  title = {Group strategy proof mechanisms via primal-dual algorithms},
  booktitle = {Proceedings of the 44th Annual IEEE Symposium on the Foundations
	of Computer Science},
  year = {2003},
  pages = {584--593},
  organization = {IEEE},
  owner = {Lindong Liu},
  timestamp = {2014.01.22}
}

@ARTICLE{Potters1992,
  author = {Potters, Jos AM and Curiel, Imma J and Tijs, Stef H},
  title = {Traveling salesman games},
  journal = {Math. Programming},
  year = {1992},
  volume = {53},
  pages = {199--211},
  number = {1-3},
  owner = {Lindong Liu},
  publisher = {Springer},
  timestamp = {2013.10.23}
}

@ARTICLE{Puerto2011,
  author = {Puerto, Justo and Tamir, Arie and Perea, Federico},
  title = {A cooperative location game based on the $1$-center location problem},
  journal = {Eur. J. Oper. Res.},
  year = {2011},
  volume = {214},
  pages = {317--330},
  number = {2},
  owner = {Lindong Liu},
  publisher = {Elsevier},
  timestamp = {2013.10.23}
}

@ARTICLE{Puerto2012,
  author = {Puerto, Justo and Tamir, Arie and Perea, Federico},
  title = {Cooperative location games based on the minimum diameter spanning
	Steiner subgraph problem},
  journal = {Discrete Appl. Math.},
  year = {2012},
  volume = {160},
  pages = {970--979},
  number = {7},
  owner = {Lindong Liu},
  publisher = {Elsevier},
  timestamp = {2013.10.23}
}

@ARTICLE{sadegh2011water,
  author = {Sadegh, Mojtaba and Kerachian, Reza},
  title = {Water resources allocation using solution concepts of fuzzy cooperative
	games: fuzzy least core and fuzzy weak least core},
  journal = {Water Resour. Manag.},
  year = {2011},
  volume = {25},
  pages = {2543--2573},
  number = {10},
  owner = {Lindong Liu},
  publisher = {Springer},
  timestamp = {2014.05.02}
}

@TECHREPORT{shapley1952value,
  author = {Shapley, Lloyd S},
  title = {A value for $n$-person games},
  institution = {DTIC Document},
  year = {1952}
}

@ARTICLE{Shapley1971AssignmentGame,
  author = {Shapley, Lloyd S and Shubik, Martin},
  title = {The assignment game {I}: The core},
  journal = {Internat. J. Game Theory},
  year = {1971},
  volume = {1},
  pages = {111--130},
  number = {1},
  owner = {Lindong Liu},
  publisher = {Springer},
  timestamp = {2013.08.22}
}

@ARTICLE{shapley1971cores,
  author = {Shapley, Lloyd S},
  title = {Cores of convex games},
  journal = {International journal of game theory},
  year = {1971},
  volume = {1},
  pages = {11--26},
  number = {1},
  publisher = {Springer}
}

@ARTICLE{Tamir1989TSPGames,
  author = {Tamir, Arie},
  title = {On the core of a traveling salesman cost allocation game},
  journal = {Oper. Res. Lett.},
  year = {1989},
  volume = {8},
  pages = {31--34},
  number = {1},
  owner = {Lindong Liu},
  publisher = {Elsevier},
  timestamp = {2013.08.22}
}

@ARTICLE{Uhan2010,
  author = {Schulz, Andreas S and Uhan, Nelson A},
  title = {Sharing supermodular costs},
  journal = {Oper. Res.},
  year = {2010},
  volume = {58},
  pages = {1051--1056},
  number = {4},
  owner = {Lindong Liu},
  publisher = {INFORMS},
  timestamp = {2013.10.22}
}

@ARTICLE{Uhan2013LeastCore,
  author = {Schulz, Andreas S and Uhan, Nelson A},
  title = {Approximating the least core value and least core of cooperative
	games with supermodular costs},
  journal = {Discrete Optim.},
  year = {2013},
  volume = {10},
  pages = {163 - 180},
  owner = {Lindong Liu},
  publisher = {Elsevier},
  timestamp = {2013.09.29}
}

@ARTICLE{van2002towards,
  author = {Van der Zaag, Pieter and Seyam, Imran M and Savenije, Hubert HG},
  title = {Towards measurable criteria for the equitable sharing of international
	water resources},
  journal = {Water Policy},
  year = {2002},
  volume = {4},
  pages = {19--32},
  number = {1},
  owner = {Lindong Liu},
  publisher = {Elsevier},
  timestamp = {2014.05.02}
}

@ARTICLE{Xu2009,
  author = {Xu, Dachuan and Yang, Ruichun},
  title = {A cost-sharing method for an economic lot-sizing game},
  journal = {Oper. Res. Lett.},
  year = {2009},
  volume = {37},
  pages = {107--110},
  number = {2},
  owner = {Lindong Liu},
  publisher = {Elsevier},
  timestamp = {2013.10.23}
}

@ARTICLE{Zhang2009,
  author = {Zhang, Jiawei},
  title = {Cost allocation for joint replenishment models},
  journal = {Oper. Res.},
  year = {2009},
  volume = {57},
  pages = {146--156},
  number = {1},
  owner = {Lindong Liu},
  publisher = {INFORMS},
  timestamp = {2014.01.22}
}

